%% Created using Papers on Thu, 19 Dec 2013.
%% http://papersapp.com/papers/

@article{Pessah:2010ic,
author = {Pessah, Martin E},
title = {{ANGULAR MOMENTUM TRANSPORT IN PROTOPLANETARY AND BLACK HOLE ACCRETION DISKS: THE ROLE OF PARASITIC MODES IN THE SATURATION OF MHD TURBULENCE}},
journal = {The Astrophysical Journal},
year = {2010},
volume = {716},
number = {2},
pages = {1012--1027},
month = may
}

@article{Balbus:1998tw,
author = {Balbus, Steven A and Hawley, John F},
title = {{Instability, turbulence, and enhanced transport in accretion disks}},
year = {1998},
pages = {1--53},
month = feb
}

@article{Umurhan:2007dz,
author = {Umurhan, O and Menou, K and Regev, O},
title = {{Weakly Nonlinear Analysis of the Magnetorotational Instability in a Model Channel Flow}},
journal = {Physical Review Letters},
year = {2007},
volume = {98},
number = {3},
pages = {034501},
month = jan
}

@article{Newell:1969wr,
author = {Newell, A C and Whitehead, J A},
title = {{Finite bandwidth, finite amplitude convection}},
journal = {Journal of Fluid Mechanics},
year = {1969}
}

