%% Created using Papers on Fri, 12 Sep 2014.
%% http://papersapp.com/papers/

@article{Balbus:1998tw,
author = {Balbus, Steven A and Hawley, John F},
title = {{Instability, turbulence, and enhanced transport in accretion disks}},
year = {1998},
pages = {1--53},
month = feb
}

@article{Newell:1969wr,
author = {Newell, A C and Whitehead, J A},
title = {{Finite bandwidth, finite amplitude convection}},
journal = {Journal of Fluid Mechanics},
year = {1969}
}

@article{CHANDRASEKHAR:1960wh,
author = {Chandrasekhar, S},
title = {{THE HYDRODYNAMIC STABILITY OF INVISCID FLOW BETWEEN COAXIAL CYLINDERS}},
journal = {Proceedings of the National Academy of Sciences of the United States of America},
year = {1960},
volume = {46},
number = {1},
pages = {137},
month = jan
}

@article{Balbus:1991vs,
author = {Balbus, S A and Hawley, J F},
title = {{1991ApJ...376..214B Page 214}},
journal = {The Astrophysical Journal},
year = {1991}
}

@article{Regev:2007fg,
author = {Regev, O and Umurhan, O M},
title = {{On the viability of the shearing box approximation for numerical studies of MHD turbulence in accretion disks}},
journal = {arXiv.org},
year = {2007},
eprint = {0711.0794v6},
eprinttype = {arxiv},
eprintclass = {astro-ph},
month = nov,
annote = {Accepted for publication in Astronomy and Astrophysics}
}

@article{Umurhan:2007hs,
author = {Umurhan, O and Regev, O and Menou, K},
title = {{Nonlinear saturation of the magnetorotational instability near threshold in a thin-gap Taylor-Couette setup}},
journal = {Physical Review E},
year = {2007},
volume = {76},
number = {3},
pages = {036310},
month = sep
}

@article{CHANDRASEKHAR:1960tf,
author = {CHANDRASEKHAR, S},
title = {{THE STABILITY OF NON-DISSIPATIVE COUETTE FLOW IN HYDROMAGNETICS}},
journal = {Proceedings of the National Academy of Sciences of the United States of America},
year = {1960},
volume = {46},
number = {2},
pages = {253},
month = feb
}

@article{Pessah:2010ic,
author = {Pessah, Martin E},
title = {{ANGULAR MOMENTUM TRANSPORT IN PROTOPLANETARY AND BLACK HOLE ACCRETION DISKS: THE ROLE OF PARASITIC MODES IN THE SATURATION OF MHD TURBULENCE}},
journal = {The Astrophysical Journal},
year = {2010},
volume = {716},
number = {2},
pages = {1012--1027},
month = may
}

@article{Goldreich:1965tg,
author = {Goldreich, P and Lynden-Bell, D},
title = {{II. Spiral arms as sheared gravitational instabilities}},
journal = {Monthly Notices of the Royal {\ldots}},
year = {1965}
}

@article{Umurhan:2007dz,
author = {Umurhan, O and Menou, K and Regev, O},
title = {{Weakly Nonlinear Analysis of the Magnetorotational Instability in a Model Channel Flow}},
journal = {Physical Review Letters},
year = {2007},
volume = {98},
number = {3},
pages = {034501},
month = jan
}

